@article{Jian_2020,
doi = {10.1088/1361-6501/ab58e5},
url = {https://dx.doi.org/10.1088/1361-6501/ab58e5},
year = {2020},
month = {1},
publisher = {IOP Publishing},
volume = {31},
number = {4},
pages = {045902},
author = {Nianchuan Jian and Dmitry Mikushin and Jianguo Yan and Jean-Pierre Barriot and Yajun Wu and Guangli Wang},
title = {A GPU-based phase tracking method for planetary radio science applications},
journal = {Measurement Science and Technology}
}

@INPROCEEDINGS{8425214,
  author={Scheidegger, Simon and Mikushin, Dmitry and Kubler, Felix and Schenk, Olaf},
  booktitle={2018 IEEE International Parallel and Distributed Processing Symposium (IPDPS)}, 
  title={Rethinking large-scale Economic Modeling for Efficiency: Optimizations for GPU and Xeon Phi Clusters}, 
  year={2018},
  volume={},
  number={},
  pages={610-619},
  doi={10.1109/IPDPS.2018.00070}}

@article{BRUMM201512,
title = {Scalable high-dimensional dynamic stochastic economic modeling},
journal = {Journal of Computational Science},
volume = {11},
pages = {12-25},
year = {2015},
issn = {1877-7503},
doi = {https://doi.org/10.1016/j.jocs.2015.07.004},
url = {https://www.sciencedirect.com/science/article/pii/S1877750315300053},
author = {Johannes Brumm and Dmitry Mikushin and Simon Scheidegger and Olaf Schenk},
keywords = {International real business cycles, High-dimensional grids, Adaptive sparse grids, Parallel algorithms, High-performance computing, Heterogeneous systems}
}

@INPROCEEDINGS{6969492,
  author={Mikushin, Dmitry and Likhogrud, Nikolay and Zhang, Eddy Z. and Bergstr√∂m, Christopher},
  booktitle={2014 IEEE International Parallel \& Distributed Processing Symposium Workshops}, 
  title={KernelGen -- The Design and Implementation of a Next Generation Compiler Platform for Accelerating Numerical Models on GPUs}, 
  year={2014},
  volume={},
  number={},
  pages={1011-1020},
  doi={10.1109/IPDPSW.2014.115}
}

@InProceedings{10.1007/978-3-642-14390-8_55,
author="Mikushin, Dmitry
and Stepanenko, Victor",
editor="Wyrzykowski, Roman
and Dongarra, Jack
and Karczewski, Konrad
and Wasniewski, Jerzy",
title="The Implementation of Regional Atmospheric Model Numerical Algorithms for CBEA-Based Clusters",
booktitle="Parallel Processing and Applied Mathematics",
year="2010",
publisher="Springer Berlin Heidelberg",
address="Berlin, Heidelberg",
pages="525--534"
}

@INPROCEEDINGS{8168183,
  author={Kuzmin, Andrey and Mikushin, Dmitry and Lempitsky, Victor},
  booktitle={2017 IEEE 27th International Workshop on Machine Learning for Signal Processing (MLSP)}, 
  title={End-to-End learning of cost-volume aggregation for real-time dense stereo}, 
  year={2017},
  volume={},
  number={},
  pages={1-6},
  doi={10.1109/MLSP.2017.8168183}
}

