@BOOK{cudabook,
  title =       "Parallel computing on GPU. Architecture and CUDA programming model (in Russian)",
  author =      "Alexey Boreskov and Alexander Kharlamov and Nikolay Markovskiy and Dmitry Mikushin and Evgeny Mortikov and Alexander Myltsev and Nikolai Sakharnykh and Vladimir Frolov",
  publisher =   "MSU Publishing",
  year =        "2012",
}

@InProceedings{CT,
  title =	"Numerical modeling of mesoscale dynamics of the atmosphere and tracer transport above the hydrologically heterogeneous surface",
  author = 	"Dmitry Mikushin and Victor Stepanenko",
  series =	"Computational technologies",
  year =	"2008",
  volume =	"13, Special issue 3",
}

@InProceedings{PPAM,
  title =	"The Implementation of Regional Atmospheric Model Numerical Algorithms for {Cell} {Broadband} {Engine} {Architecture} -based Clusters",
  author =	"Dmitry Mikushin and Victor Stepanenko",
  publisher =	"Springer",
  year = 	"2009",
  volume =	"6067",
  bibdate =	"2010-07-12",
  booktitle =	"PPAM (1)",
  editor =	"Roman Wyrzykowski and Jack Dongarra and Konrad
		 Karczewski and Jerzy Wasniewski",
  ISBN = 	"978-3-642-14389-2",
  pages =	"525--534",
  series =	"Lecture Notes in Computer Science",
  URL =  	"http://dx.doi.org/10.1007/978-3-642-14390-8",
}

@inproceedings{Mikushin:2014:KDI:2672598.2672916,
 author = {Mikushin, Dmitry and Likhogrud, Nikolay and Zhang, Eddy Z. and Bergstr\"{o}m, Christopher},
 title = {KernelGen  --  The Design and Implementation of a Next Generation Compiler Platform for Accelerating Numerical Models on GPUs},
 booktitle = {Proceedings of the 2014 IEEE International Parallel \& Distributed Processing Symposium Workshops},
 series = {IPDPSW '14},
 year = {2014},
 isbn = {978-1-4799-4116-2},
 pages = {1011--1020},
 numpages = {10},
 url = {http://dx.doi.org/10.1109/IPDPSW.2014.115},
 doi = {10.1109/IPDPSW.2014.115},
 acmid = {2672916},
 publisher = {IEEE Computer Society},
 address = {Washington, DC, USA},
 keywords = {GPU, LLVM, OpenACC, JIT-compilation, stencils},
}

